@book{breiman,
  author    = {Breiman, L. and Friedman, J. and Olshen, R. A. and Stone, C. J.},
  title     = {Classification and Regression Trees},
  edition   = {1st},
  year      = {1984},
  publisher = {Chapman and Hall/CRC},
  doi       = {10.1201/9781315139470}
}

@article{oc1,

  author = {Murthy, S. K. and Kasif, S. and Salzberg, S. L.},
  title   = {A System for Induction of Oblique Decision Trees},
  journal = {Journal of Artificial Intelligence Research},
  volume  = {2},
  pages   = {1--32},
  year    = {1994},
  doi     = {10.1613/jair.63},
}

@article{quinlan1986,
  author    = {Quinlan, J. R.},
  title     = {Induction of Decision Trees},
  journal   = {Machine Learning},
  volume    = {1},
  number    = {1},
  pages     = {81--106},
  year      = {1986},
  doi       = {10.1007/BF00116251}
}

@article{hhcart,
  author = {Wickramarachchi, D. C. and Robertson, B. L. and Reale, M. and Price, C. J. and Brown, J.},
  title = {{HHCART: An oblique decision tree}},
  journal = {Computational Statistics \& Data Analysis},
  volume = {96},
  pages = {12--23},
  year = {2016},
  issn = {0167-9473},
  doi = {10.1016/j.csda.2015.11.006},
}

@article{odewahn,
       author = {Odewahn, S. C. and Stockwell, E. B. and Pennington, R. L. and Humphreys, R. M. and Zumach, W. A.},
        title = {Automated Star/Galaxy Discrimination With Neural Networks},
      journal = {The Astronomical Journal},
         year = {1992},
       volume = {103},
        pages = {318},
          doi = {10.1086/116063},
}

@misc{breast_cancer,
  author       = {Wolberg, W.},
  title        = {{Breast Cancer Wisconsin (Original)}},
  year         = {1990},
  howpublished = {UCI Machine Learning Repository},
  note         = {{doi}: 10.24432/C5HP4Z}
}

@misc{iris,
  author       = {Fisher, R. A.},
  title        = {Iris},
  year         = {1936},
  note         = {{doi}: 10.24432/C56C76},
  howpublished = {UCI Machine Learning Repository},
}

@article{boston,
title = {Hedonic housing prices and the demand for clean air},
journal = {Journal of Environmental Economics and Management},
volume = {5},
number = {1},
pages = {81--102},
year = {1978},
issn = {0095-0696},
doi = {10.1016/0095-0696(78)90006-2},
author = {D. Harrison and D. L. Rubinfeld},
}


@inproceedings{diabetes,
  author = {Smith, J. W. and Everhart, J. E. and Dickson, W. C. and Knowler, W. C. and Johannes, R. S.},
  title = {Using the ADAP Learning Algorithm to Forecast the Onset of Diabetes Mellitus},
  booktitle = {Proceedings of the Annual Symposium on Computer Application in Medical Care},
  pages = {261--265},
  year = {1988}
}

@inproceedings{boosting,
 author = {Drucker, H.  and Cortes, C.},
 booktitle = {Advances in Neural Information Processing Systems},
 publisher = {MIT Press},
 title = {Boosting Decision Trees},
 volume = {8},
 year = {1995}
}

@article{sgboost,
	title = {Stochastic gradient boosting},
	journal = {Computational Statistics \& Data Analysis},
	volume = {38},
	number = {4},
	pages = {367--378},
	year = {2002},
	issn = {0167-9473},
	doi = {10.1016/S0167-9473(01)00065-2},
	author = {J. H. Friedman},
}

@article{survey,
  author={Mienye, I. D. and Jere, N.},
  journal={IEEE Access}, 
  title={A Survey of Decision Trees: Concepts, Algorithms, and Applications}, 
  year={2024},
  volume={12},
  pages={86716--86727},
  doi={10.1109/ACCESS.2024.3416838}}

@article{recent_overview,
  title={Decision trees: a recent overview},
  author={Kotsiantis, S. B.},
  journal={Artificial Intelligence Review},
  volume={39},
  number={4},
  pages={261--283},
  year={2011},
  publisher={Springer},
  doi={10.1007/s10462-011-9272-4}
}

@article{it,
  author={Shannon, C. E.},
  journal={The Bell System Technical Journal},
  title={A mathematical theory of communication},
  year={1948},
  volume={27},
  number={3},
  pages={379--423},
  doi={10.1002/j.1538-7305.1948.tb01338.x},
}


@book{matrix,
  title={Matrix Computations},
  author={Golub, G.H. and Van Loan, C.F.},
  isbn={9781421407944},
  lccn={2012943449},
  series={Johns Hopkins Studies in the Mathematical Sciences},
  year={2013},
  publisher={Johns Hopkins University Press}
}


@inproceedings{buntine,
  title={Tree Classification Software},
  author={W. L. Buntine},
  booktitle    = {Technology 2002: The Third National Technology Transfer Conference and Exposition, Volume 1},
  year={1993},
}

@article{rndfrst,
  author    = {L. Breiman},
  title     = {Random Forests},
  journal   = {Machine Learning},
  year      = {2001},
  volume    = {45},
  number    = {1},
  pages     = {5--32},
  month     = {Oct},
  issn      = {1573-0565},
  doi       = {10.1023/A:1010933404324}
}

@book{c4.5,
  title={C4.5: Programs for Machine Learning},
  author={Quinlan, J. R.},
  isbn={9781558602380},
  series={Morgan Kaufmann series in machine learning},
  year={1993},
  publisher={Elsevier Science}
}

@inproceedings{cv,
  author    = {R. Kohavi},
  title     = {A study of cross-validation and bootstrap for accuracy estimation and model selection},
  booktitle = {Proceedings of the International Joint Conference on Artificial Intelligence (IJCAI)},
  year      = {1995},
  pages     = {1137--1143},
  address   = {Montreal, Canada},
}

@unpublished{laack,
  title     = {CART-ELC: Oblique Decision Tree Induction via Exhaustive Search},
  author    = {Laack, A. D.},
  year      = {2025},
  doi       = {10.48550/arXiv.2505.05402},
  note      = {Manuscript under review at Transactions on Machine Learning Research (TMLR)},
}
